<record><leader>00000cas a22000007a 4500</leader><controlfield tag="001">22204112</controlfield><controlfield tag="008">900810d18831uuumauwr ne      0    0eng d</controlfield><datafield ind1=" " ind2=" " tag="010"><subfield code="a">sn 89062436 </subfield></datafield><datafield ind1=" " ind2=" " tag="040"><subfield code="a">MGN</subfield><subfield code="b">eng</subfield><subfield code="c">MGN</subfield><subfield code="d">OCL</subfield><subfield code="d">OCLCQ</subfield><subfield code="d">OCLCF</subfield><subfield code="d">OCLCO</subfield></datafield><datafield ind1="1" ind2=" " tag="029"><subfield code="a">AU@</subfield><subfield code="b">000025851241</subfield></datafield><datafield ind1=" " ind2=" " tag="042"><subfield code="a">msc</subfield></datafield><datafield ind1="0" ind2=" " tag="130"><subfield code="a">Orange journal (Orange, Mass.)</subfield></datafield><datafield ind1="0" ind2="4" tag="245"><subfield code="a">The Orange journal.</subfield></datafield><datafield ind1=" " ind2=" " tag="260"><subfield code="a">Orange, Mass. :</subfield><subfield code="b">W.M. Pomeroy,</subfield><subfield code="c">1883-</subfield></datafield><datafield ind1=" " ind2=" " tag="300"><subfield code="a">v.</subfield></datafield><datafield ind1=" " ind2=" " tag="310"><subfield code="a">Weekly</subfield></datafield><datafield ind1="0" ind2=" " tag="362"><subfield code="a">Vol. 13, no. 5 (Apr. 27, 1883)-</subfield></datafield><datafield ind1=" " ind2="0" tag="651"><subfield code="a">Orange (Mass.)</subfield><subfield code="v">Newspapers.</subfield></datafield><datafield ind1=" " ind2="7" tag="655"><subfield code="a">Newspapers.</subfield><subfield code="2">fast</subfield><subfield code="0">(OCoLC)fst01423814</subfield></datafield><datafield ind1=" " ind2="7" tag="651"><subfield code="a">Massachusetts</subfield><subfield code="z">Orange.</subfield><subfield code="2">fast</subfield><subfield code="0">(OCoLC)fst01237002</subfield></datafield><datafield ind1=" " ind2=" " tag="752"><subfield code="a">United States</subfield><subfield code="b">Massachusetts</subfield><subfield code="c">Franklin</subfield><subfield code="d">Orange.</subfield></datafield><datafield ind1="0" ind2="0" tag="780"><subfield code="t">Journal of industry (Orange, Mass.)</subfield><subfield code="w">(DLC)sn 83020671</subfield><subfield code="w">(OCoLC)9478942</subfield></datafield><datafield ind1="0" ind2="7" tag="785"><subfield code="t">Orange enterprise</subfield><subfield code="w">(DLC)sn 89062437</subfield><subfield code="w">(OCoLC)22204127</subfield></datafield><datafield ind1="0" ind2="7" tag="785"><subfield code="t">Enterprise and journal (Orange, Mass. : 1899)</subfield><subfield code="w">(DLC)sn 86071786</subfield><subfield code="w">(OCoLC)13997178</subfield></datafield></record>